@book{texbook,
  author = {Donald E. Knuth},
  year = {1986},
  title = {The {\TeX} Book},
  publisher = {Addison-Wesley Professional}
}


@online{autobits2025iot,
	author = {Jinesh},
	year = {2025},
	title = {How Many IoT Devices Are There in 2025?},
	publisher = {Autobits},
	url = {https://autobitslabs.com/how-many-iot-devices-are-there/}
}
